
@INPROCEEDINGS{jamaica, 
	author={A. Deligiannidou and D. Amaxilatis and G. Mylonas and E. Theodoridis}, 
	booktitle={2016 IEEE 3rd World Forum on Internet of Things (WF-IoT)}, 
	title={Knowledge co-creation in the OrganiCity: Data annotation with JAMAiCA}, 
	year={2016}, 
	volume={}, 
	number={}, 
	pages={717-722}, 
	keywords={Internet;learning (artificial intelligence);smart cities;Internet of Things;IoT;JAMAiCA;OrganiCity software ecosystem;data annotation;smart city deployment;smart city services;FI-WARE;IoT;OrganiCity;classification;co-creation;data annotation;machine learning;smart city}, 
	doi={10.1109/WF-IoT.2016.7845492}, 
	ISSN={}, 
	month={Dec},}

@Article{gutierrez1,
	AUTHOR = {Guti\'errez, V. and Theodoridis, E. and Mylonas, G. and Shi, F. and Adeel, U. and Diez, L. and Amaxilatis, D. and Choque, J. and Camprodom, G. and McCann, J. and Mu\~noz, L.},
	TITLE = {Co-Creating the Cities of the Future},
	JOURNAL = {Sensors},
	VOLUME = {16},
	YEAR = {2016},
	NUMBER = {11},
	ARTICLENUMBER = {1971},
	URL = {http://www.mdpi.com/1424-8220/16/11/1971},
	ISSN = {1424-8220},
	DOI = {10.3390/s16111971}
}

@ARTICLE{gutierrez2, 
	author={V. Guti\'errez and D. Amaxilatis and G. Mylonas and L. Mu\~noz}, 
	journal={IEEE Internet of Things Journal}, 
	title={Empowering citizens towards the co-creation of sustainable cities}, 
	year={2017}, 
	volume={PP}, 
	number={99}, 
	pages={1-1}, 
	keywords={Ecosystems;Smart cities;Stakeholders;Technological innovation;Tools;IoT;OrganiCity;co-creation;ecosystem;experimentation;services;smart cities;urban platform.}, 
	doi={10.1109/JIOT.2017.2743783}, 
	ISSN={}, 
	month={}
}

@INPROCEEDINGS{nasrawi, 
	author={S. Al-Nasrawi and A. El-Zaart and C. Adams}, 
	booktitle={2017 Int. Conf. on Computer and Applications (ICCA)}, 
	title={The Anatomy of Smartness of Smart Sustainable Cities: An Inclusive Approach}, 
	year={2017}, 
	volume={}, 
	number={}, 
	pages={348-353}, 
	keywords={smart cities;sustainable development;SSC assessment model;Smart Sustainable Cities;inclusive approach;Education;Government;Green products;Information and communication technology;Sustainable development;Technological innovation;Urban areas;assessment;citizens engagement;smart sustainable city;smartness}, 
	doi={10.1109/COMAPP.2017.8079774}, 
	ISSN={}, 
	month={Sept}
}

@INPROCEEDINGS{pallot, 
	author={M. Pallot and K. Pawar}, 
	booktitle={2012 18th International ICE Conference on Engineering, Technology and Innovation}, 
	title={A holistic model of user experience for living lab experiential design}, 
	year={2012}, 
	volume={}, 
	number={}, 
	pages={1-15}, 
	keywords={Internet;design of experiments;innovation management;knowledge management;quality management;value engineering;Internet of Things based services;UX knowledge body;UX model;ease of use;environment services;experimental models;hedonic quality;holistic approach;holistic user experience model;living lab experiential design;loT based services;logistics services;perceived usefulness;value co-creation;visual attractiveness;wellbeing services;Abstracts;Experiential Design;Holistic Model;Living Lab;User Cocreation;User Experience}, 
	doi={10.1109/ICE.2012.6297648}, 
	ISSN={}, 
	month={June}
}

@INPROCEEDINGS{pokric, 
	author={B. Pokrić and S. Krčo and M. Pokrić and P. Knežević and D. Jovanović}, 
	booktitle={2015 International Conference on Recent Advances in Internet of Things (RIoT)}, 
	title={Engaging citizen communities in smart cities using IoT, serious gaming and fast markerless Augmented Reality}, 
	year={2015}, 
	volume={}, 
	number={}, 
	pages={1-6}, 
	keywords={Internet of Things;augmented reality;data visualisation;environmental science computing;mobile computing;serious games (computing);smart cities;social sciences computing;AR data visualization;ARvatar serious game;Internet of Things;air quality;atmospheric condition;citizen communities engagement;ekoNET;environmental issues;loT service;markerless augmented reality;mobile platforms;real-time monitoring;smart cities;Games;Internet;Robots;Testing;Velocity measurement;Augmented Reality;IoT;citizen engagement;environmental monitoring;serious gaming}, 
	doi={10.1109/RIOT.2015.7104905}, 
	ISSN={}, 
	month={April}
}

@INPROCEEDINGS{phuluwa, 
	author={L. Phuluwa and M. Hattingh}, 
	booktitle={IST-Africa Week Conference}, 
	title={Understanding how the City of Johannesburg Metropolitan Municipality's social media platforms are perceived by young citizens}, 
	year={2017}, 
	volume={}, 
	number={}, 
	pages={1-10}, 
	keywords={government data processing;social networking (online);COJ;City of Johannesburg Facebook platform;City of Johannesburg Twitter platform;City of Johannesburg social media accounts;Johannesburg metropolitan municipality;municipal-citizen engagements;qualitative questionnaires;quantitative questionnaires;social media platforms;young adults;young citizens;Electronic government;Facebook;Object recognition;Twitter;Urban areas;City of Johannesburg Municipality;Social Media;eGovernment}, 
	doi={10.23919/ISTAFRICA.2017.8102337}, 
	ISSN={}, 
	month={May}
}

@INPROCEEDINGS{schaffers2011, 
	author={H. Schaffers and A. Sällström and M. Pallot and J. M. Hernández-Mu\~noz and R. Santoro and B. Trousse}, 
	booktitle={17th International Conference on Concurrent Enterprising}, 
	title={Integrating Living Labs with Future Internet experimental platforms for co-creating services within Smart Cities}, 
	year={2011}, 
	volume={}, 
	number={}, 
	pages={1-11}, 
	keywords={Internet;information retrieval;ELLIOT;FP7-ICT project;Future Internet experimental platform;Internet research;Living Labs concept;Smart Cities;SmartSantander;TEFIS;open innovation approach;partnership agreement;resource access;resource sharing;service cocreation;testbed facilities;user driven innovation;user involvement;user-driven development;Cities and towns;Communities;Finite impulse response filter;Fires;Ice;Internet;Technological innovation;Experimental Facilities;Experimentation;Future Internet;Internet of Things;Living Labs;Smart Cities}, 
	doi={}, 
	ISSN={}, 
	month={June}
}

@inproceedings{gozard,
	author    = {Gorazd Marinic and	Wim Vanobberghen},
	title     = {{ECIM:} European Cloud Marketplace for Intelligent Mobility},
	booktitle = {Joint Proceedings of the Doctoral Symposium and Projects Showcase Held as Part of {STAF} 2016 co-located with Software Technologies:
	Applications and Foundations {(STAF} 2016), Vienna, Austria, July 4-7, 2016.},
	pages     = {72--79},
	year      = {2016},
	timestamp = {Thu, 08 Sep 2016 15:42:13 +0200},
	biburl    = {http://dblp.org/rec/bib/conf/staf/MarinicV16},
	bibsource = {dblp computer science bibliography, http://dblp.org}
}

@INPROCEEDINGS{celino, 
	author={I. Celino and G. R. Calegari and A. Fiano}, 
	booktitle={2016 IEEE International Smart Cities Conference (ISC2)}, 
	title={Towards Talkin'Piazza: Engaging citizens through playful interaction with urban objects}, 
	year={2016}, 
	volume={}, 
	number={}, 
	pages={1-5}, 
	keywords={smart cities;town and country planning;Talkin'Piazza concept;citizen engagement;city co-creation;city physical objects;city storytelling;playful interaction;urban object-people fun interaction;urban objects;user participation;Companies;Crowdsourcing;Games;Navigation;Smart cities;Stakeholders}, 
	doi={10.1109/ISC2.2016.7580809}, 
	ISSN={}, 
	month={Sept}
}

@book{newman2015building,
	title={Building microservices: designing fine-grained systems},
	author={Newman, Sam},
	publisher={" O'Reilly Media, Inc."},
	volume={1},
	day={20},
	month={02},
	year={2015},
	isbn={1491950358, 978-1491950357}
}

@Inbook{Schuldt2009,
	author={Schuldt, Heiko},
	title={Multi-Tier Architecture},
	bookTitle={Encyclopedia of Database Systems},
	year={2009},
	publisher={Springer US},
	address={Boston, MA},
	pages={1862--1865},
	isbn={978-0-387-39940-9},
	doi={10.1007/978-0-387-39940-9_652},
	url={https://doi.org/10.1007/978-0-387-39940-9_652}
}

@ARTICLE{santander-smartphone,
	author={G. Mylonas and E. Theodoridis and L. Muñoz},
	journal={IEEE Internet Computing},
	title={Integrating Smartphones into the SmartSantander Infrastructure},
	year={2015},
	volume={19},
	number={2},
	pages={48-56},
	keywords={Android (operating system);Internet;Internet of Things;mobile computing;smart phones;Android devices;Internet of Things;IoT resources;SmartSantander augmentation;SmartSantander infrastructure;future Internet;smartphone integration;Androids;Computer architecture;Internet;Sensors;Servers;Smart phones;Web browsers;Internet/Web technologies;IoT smartphone experimentation;smart city testbeds},
	doi={10.1109/MIC.2015.25},
	ISSN={1089-7801},
	month={Mar}
}

@book{vermesan2014internet,
	title={Internet of things-from research and innovation to market deployment},
	author={Vermesan, Ovidiu and Friess, Peter},
	volume={29},
	year={2014},
	publisher={River Publishers Aalborg}
}

@book{vermesan2015building,
	title={Building the hyperconnected society: Internet of things research and innovation value chains, ecosystems and markets},
	author={Vermesan, Ovidiu and Friess, Peter},
	volume={43},
	year={2015},
	publisher={River Publishers}
}

@article{crowdsensing-guo,
	author = {Guo, Bin and Wang, Zhu and Yu, Zhiwen and Wang, Yu and Yen, Neil Y. and Huang, Runhe and Zhou, Xingshe},
	title = {Mobile Crowd Sensing and Computing: The Review of an Emerging Human-Powered Sensing Paradigm},
	journal = {ACM Comput. Surv.},
	issue_date = {September 2015},
	volume = {48},
	number = {1},
	month = aug,
	year = {2015},
	issn = {0360-0300},
	pages = {7:1--7:31},
	articleno = {7},
	numpages = {31},
	doi = {10.1145/2794400},
	acmid = {2794400},
	publisher = {ACM},
	address = {New York, NY, USA},
	keywords = {Mobile phone sensing, cross-space sensing and mining, crowd intelligence, human-machine systems, urban/community dynamics},
}
%url = {http://doi.acm.org/10.1145/2794400},

@ARTICLE{crowdsensing-guo2,
	author={B. Guo and C. Chen and D. Zhang and Z. Yu and A. Chin},
	journal={IEEE Comm. Magazine},
	title={Mobile crowd sensing and computing: when participatory sensing meets participatory social media},
	year={2016},
	volume={54},
	number={2},
	pages={131-137},
	keywords={mobile computing;social networking (online);MCSC;heterogeneous crowdsourced data;large-scale sensing;mobile crowd sensing and computing;mobile social networking techniques;participatory sensing;participatory social media;Machine intelligence;Media;Mobile communication;Mobile computing;Mobile handsets;Sensors;Social network services},
	doi={10.1109/MCOM.2016.7402272},
	ISSN={0163-6804},
}

@ARTICLE{aliens,
	author={M. Talasila and R. Curtmola and C. Borcea},
	journal={IEEE Pervasive Computing},
	title={Crowdsensing in the Wild with Aliens and Micropayments},
	year={2016},
	volume={15},
	number={1},
	pages={68-77},
	keywords={computer games;mobile computing;smart phones;micropayment;mobile crowdsensing;mobile gaming;smart phone;Floors;Games;IEEE 802.11 Standard;Mobile communication;Monitoring;Pervasive computing;Sensors;area coverage;big data;data analysis;gamification;incentives;micropayments;mobile;mobile crowdsensing;mobile gaming;pervasive computing;smartphones},
	doi={10.1109/MPRV.2016.18},
	ISSN={1536-1268},
	month={Jan}
}

@ARTICLE{incentives-survey,
	author={L. G. Jaimes and I. J. Vergara-Laurens and A. Raij},
	journal={IEEE Internet of Things Journal},
	title={A Survey of Incentive Techniques for Mobile Crowd Sensing},
	year={2015},
	volume={2},
	number={5},
	pages={370-380},
	keywords={mobile computing;CS incentive mechanisms;mobile crowd sensing;participatory sensing;Heuristic algorithms;Incentive schemes;Internet of things;Recruitment;Taxonomy;Temperature sensors;Crowd Sensing;Crowd sensing (CS);Games;Incentives;Reverse Auction;games;incentives;reverse auction},
	doi={10.1109/JIOT.2015.2409151},
	ISSN={2327-4662},
	month={Oct}
}

@article{balestrini-orchestration,
	author = {Balestrini, Mara and Ladera, Tomas and Marshall, P and Gluhak, A and Rogers, Y},
	year = {2015},
	month = {10},
	pages = {150601},
	title = {IoT Community Technologies: Leaving Users to Their Own Devices or Orchestration of Engagement?},
	volume = {1},
	booktitle = {EAI Endorsed Transactions on Internet of Things}
}

@inproceedings{ledantec,
	author = {Le Dantec, Christopher A. and Asad, Mariam and Misra, Aditi and Watkins, Kari E.},
	title = {Planning with Crowdsourced Data: Rhetoric and Representation in Transportation Planning},
	booktitle = {Proceedings of the 18th ACM Conference on Computer Supported Cooperative Work \& Social Computing},
	year = {2015},
	isbn = {978-1-4503-2922-4},
	location = {Vancouver, BC, Canada},
	pages = {1717--1727},
	numpages = {11},
	doi = {10.1145/2675133.2675212},
	acmid = {2675212},
	publisher = {ACM},
	address = {New York, NY, USA},
	keywords = {digital democracy, public participation, urban informatics, urban planning},
}
%url = {http://doi.acm.org/10.1145/2675133.2675212},
    
@techreport{NGSILD,
	shorthand = {NGSILD},
	institution = {{European Telecommunications Standards Institute (ETSI)}}, 
	title = {{Context Information Management (CIM);
	Application Programming Interface (API) }},
	type = {TS},
	year = {2018},
	version = {V1.1.1},
	url = {http://www.etsi.org/deliver/etsi_gs/CIM/001_099/004/01.01.01_60/gs_cim004v010101p.pdf}
}

@techreport{NGSIOMA,
	shorthand = {NGSI},
	institution = {{O}pen {M}obile {A}lliance}, 
	title = {{NGSI Context Management}},
	year = {2012},
	version = {V1.0},
	url = {http://www.openmobilealliance.org/release/NGSI/V1_0-20120529-A/OMA-TS-NGSI_Context_Management-V1_0-20120529-A.pdf}
}

@article{Akiyama2017,
	title={FESTIVAL: Design and Implementation of Federated Interoperable Smart ICT Services Development and Testing Platform},
	author={Toyokazu Akiyama and Shuuichirou Murata and Kiichi Tsuchiya and Teruaki Yokoyama and Martino Maggio and Giuseppe Ciulla and Juan Ramón Santana and Mengxuan Zhao and Jander Botelho Do Nascimento and Levent Gürgen},
	journal={Journal of Information Processing},
	volume={25},
	number={ },
	pages={278-287},
	year={2017},
	doi={10.2197/ipsjjip.25.278}
}

@ARTICLE{FogFlow,
	author={B. Cheng and G. Solmaz and F. Cirillo and E. Kovacs and K. Terasawa and A. Kitazawa},
	journal={IEEE Internet of Things Journal},
	title={FogFlow: Easy Programming of IoT Services Over Cloud and Edges for Smart Cities},
	year={2018},
	volume={5},
	number={2},
	pages={696-707},
	keywords={Internet of Things;cloud computing;open systems;smart cities;FogFlow programming model;Internet of Things;IoT devices;IoT service developers;IoT smart city platforms;IoT systems;cloud;data processing tasks;edges;elastic IoT services;fog computing frameworks;private data model;service programming models;smart city IoT services;smart city infrastructure;smart city platform;standard-based approach;sustainable computing paradigm;task allocation;Cloud computing;Computational modeling;Data models;Edge computing;Logic gates;Programming;Smart cities;Edge computing;Internet of Things (IoT);parallel programming},
	doi={10.1109/JIOT.2017.2747214},
	ISSN={},
	month={April}
}

@article{abeel2009java,
	title={Java-ml: A machine learning library},
	author={Abeel, Thomas and Peer, Yves Van de and Saeys, Yvan},
	journal={Journal of Machine Learning Research},
	volume={10},
	number={Apr},
	pages={931--934},
	year={2009}
}

@inproceedings{abadi2016tensorflow,
	title={TensorFlow: A System for Large-Scale Machine Learning.},
	author={Abadi, Mart{\'\i}n and Barham, Paul and Chen, Jianmin and Chen, Zhifeng and Davis, Andy and Dean, Jeffrey and Devin, Matthieu and Ghemawat, Sanjay and Irving, Geoffrey and Isard, Michael and others},
	booktitle={OSDI},
	volume={16},
	pages={265--283},
	year={2016}
}

@article{carbone2015apache,
	title={Apache flink: Stream and batch processing in a single engine},
	author={Carbone, Paris and Katsifodimos, Asterios and Ewen, Stephan and Markl, Volker and Haridi, Seif and Tzoumas, Kostas},
	journal={Bulletin of the IEEE Computer Society Technical Committee on Data Engineering},
	volume={36},
	number={4},
	year={2015},
	publisher={IEEE Computer Society}
}

@article{Resnick:2000:RS:355112.355122,
	author = {Resnick, Paul and Kuwabara, Ko and Zeckhauser, Richard and Friedman, Eric},
	title = {Reputation Systems},
	journal = {Commun. ACM},
	issue_date = {Dec. 2000},
	volume = {43},
	number = {12},
	month = dec,
	year = {2000},
	issn = {0001-0782},
	pages = {45--48},
	numpages = {4},
	url = {http://doi.acm.org/10.1145/355112.355122},
	doi = {10.1145/355112.355122},
	acmid = {355122},
	publisher = {ACM},
	address = {New York, NY, USA},
}

@misc{FiwareOrion,
	title={{Publish/Subscribe Context Broker - Orion Context Broker}},
	author={{FIWARE Foundation}},
	url={https://catalogue-server.fiware.org/enablers/publishsubscribe-context-broker-orion-context-broker},
	note={Retrieved: June 2018},
}

@techreport{rfc6749,
	title = {The {OA}uth 2.0 Authorization Framework},
	author = {Hardt, Dick},
	howpublished = {Internet Requests for Comment},
	institution = {RFC Editor},
	issn = {2070-1721},
	month = oct,
	number = {6749},
	posted-at = {2012-12-10 00:34:24},
	publisher = {RFC Editor},
	type = {RFC},
	year = {2012},
}

@book{fielding2000architectural,
	title={Architectural styles and the design of network-based software architectures},
	author={Fielding, Roy T and Taylor, Richard N},
	volume={7},
	year={2000},
	publisher={University of California, Irvine Doctoral dissertation}
}

@article{jin2014information,
	title={An information framework for creating a smart city through internet of things},
	author={Jin, Jiong and Gubbi, Jayavardhana and Marusic, Slaven and Palaniswami, Marimuthu},
	journal={IEEE Internet of Things Journal},
	volume={1},
	number={2},
	pages={112--121},
	year={2014},
	publisher={IEEE}
}

@InProceedings{festival2015,
	author={Santana, Juan R. and Galache, Jos{\'e} A. and Akiyama, Toyokazu and Gurgen, Levent and Matsuoka, Morito and Maggio, Martino	and Murata, Shuuichirou},
	editor={Ag{\"u}ero, Ram{\'o}n and Zinner, Thomas and Garc{\'i}a-Lozano, Mario and Wenning, Bernd-Ludwig and Timm-Giel, Andreas},
	title={FESTIVAL: Towards an Intercontinental Federation Approach},
	booktitle={Mobile Networks and Management},
	year={2015},
	publisher={Springer International Publishing},
	address={Cham},
	pages={269--280},
	isbn={978-3-319-26925-2}
}

@article{sanchez2014smartsantander,
	title={SmartSantander: IoT experimentation over a smart city testbed},
	author={Sanchez, Luis and Mu{\~n}oz, Luis and Galache, Jose Antonio and Sotres, Pablo and Santana, Juan R and Gutierrez, Veronica and Ramdhany, Rajiv and Gluhak, Alex and Krco, Srdjan and Theodoridis, Evangelos and others},
	journal={Computer Networks},
	volume={61},
	pages={217--238},
	year={2014},
	publisher={Elsevier}
}

@Inbook{charmaz2006constructing,
	bookTitle = {Constructing Grounded Theory: A Practical Guide through Qualitative Analysis},
	author = {Charmaz, Kathy},
	title={Coding the Grounded Theory Practice},
	day=27,
	month=01,
	year=2006,
	publisher = {Sage Publications},
	pages={42--60},
	isbn={0761973532 978-0761973539}
}

@inproceedings{Minelli2015,
	doi = {10.1109/icpc.2015.12},
	year  = {2015},
	publisher = {{IEEE}},
	author = {Roberto Minelli and Andrea Mocci and Michele Lanza},
	title = {I Know What You Did Last Summer - An Investigation of How Developers Spend Their Time},
	booktitle = {2015 {IEEE} 23rd International Conference on Program Comprehension}
}




%%%%%%%%%%%%%%%%%%%%%%%%%%%%%%%%%%%%%%%%%%%%%%%%%%%%%%%%%%%%%%%%%%%%%%%%%%%%%%%%%%%%
@INPROCEEDINGS{alba, 
	author={M. Alba and M. Avalos and C. Guzmán and V. M. Larios}, 
	booktitle={2016 IEEE International Smart Cities Conference (ISC2)}, 
	title={Synergy between smart cities' hackathons and living labs as a vehicle for accelerating tangible innovations on cities}, 
	year={2016}, 
	volume={}, 
	number={}, 
	pages={1-6}, 
	keywords={application program interfaces;government data processing;Guadalajara Mexico;Guadalajara city;companies;economic impact;governments;organization guidelines;punctual problems;smart cities hackathons;smarter cities;tangible innovations;universities;Companies;Ecosystems;Government;Smart cities;Technological innovation;citizen engagement;hackathon;innovation;living lab;quality of life;smart cities;smart cities implementation}, 
	doi={10.1109/ISC2.2016.7580877}, 
	ISSN={}, 
	month={Sept}
}

@article{Coulson2012,
 author = {Coulson, Geoff and Porter, Barry and Chatzigiannakis, Ioannis and Koninis, Christos and Fischer, Stefan and Pfisterer, Dennis and Bimschas, Daniel and Braun, Torsten and Hurni, Philipp and Anwander, Markus and Wagenknecht, Gerald and Fekete, S\'{a}ndor P. and Kr\"{o}ller, Alexander and Baumgartner, Tobias},
 title = {Flexible Experimentation in Wireless Sensor Networks},
 journal = {Commun. ACM},
 issue_date = {January 2012},
 volume = {55},
 number = {1},
 month = jan,
 year = {2012},
 issn = {0001-0782},
 pages = {82--90},
 numpages = {9},
 url = {http://doi.acm.org/10.1145/2063176.2063198},
 doi = {10.1145/2063176.2063198},
 acmid = {2063198},
 publisher = {ACM},
 address = {New York, NY, USA},
} 

@misc{d55,
	author = {A. Heijnen and B. Palacios and L. Diez and M. Bach and J. Echevarria and J. Johansson and 
K. Kalugina and A. Rizk and K. Schaaf and P. Lau},
  title = {D5.5 Usability assessment of OrganiCity’s First Open Call},
  url = {http://organicity.eu/resources-news/resources/}
}










